@article{greenwade93,
    author  = "George D. Greenwade",
    title   = "The {C}omprehensive {T}ex {A}rchive {N}etwork ({CTAN})",
    year    = "1993",
    journal = "TUGBoat",
    volume  = "14",
    number  = "3",
    pages   = "342--351"
}

@misc{Karpathy2019,
  author = {Karpathy, Andrej},
  title = {A Recipe for Training Neural Networks},
  year = {2019},
  publisher = {GitHub},
  journal = {GitHub blog post},
  howpublished = {\url{http://karpathy.github.io/2019/04/25/recipe/}}
}

@inproceedings{lin2017focal,
  title={Focal loss for dense object detection},
  author={Lin, Tsung-Yi and Goyal, Priya and Girshick, Ross and He, Kaiming and Doll{\'a}r, Piotr},
  booktitle={Proceedings of the IEEE international conference on computer vision},
  pages={2980--2988},
  year={2017}
}

@inproceedings{lin2017feature,
  title={Feature pyramid networks for object detection},
  author={Lin, Tsung-Yi and Doll{\'a}r, Piotr and Girshick, Ross and He, Kaiming and Hariharan, Bharath and Belongie, Serge},
  booktitle={Proceedings of the IEEE conference on computer vision and pattern recognition},
  pages={2117--2125},
  year={2017}
}

@inproceedings{xu2019missing,
  title={Missing Labels in Object Detection.},
  author={Xu, Mengmeng and Bai, Yancheng and Ghanem, Bernard and Liu, Boxiao and Gao, Yan and Guo, Nan and Ye, Xiaochun and Wan, Fang and You, Haihang and Fan, Dongrui and others},
  booktitle={CVPR Workshops},
  volume={3},
  year={2019}
}

@misc{pytorchModelZoo,
 title={Models and pre-trained weights},
 howpublished = "\url{https://pytorch.org/vision/stable/models.html}",
 journal={{Models and pre-trained weights - Torchvision 0.12 documentation}},
 author={PyTorch}
} 

@article{scikit-learn,
 title={Scikit-learn: Machine Learning in {P}ython},
 author={Pedregosa, F. and Varoquaux, G. and Gramfort, A. and Michel, V.
         and Thirion, B. and Grisel, O. and Blondel, M. and Prettenhofer, P.
         and Weiss, R. and Dubourg, V. and Vanderplas, J. and Passos, A. and
         Cournapeau, D. and Brucher, M. and Perrot, M. and Duchesnay, E.},
 journal={Journal of Machine Learning Research},
 volume={12},
 pages={2825--2830},
 year={2011}
}

@article{kingma2014adam,
  title={Adam: A method for stochastic optimization},
  author={Kingma, Diederik P and Ba, Jimmy},
  journal={arXiv preprint arXiv:1412.6980},
  year={2014}
}

@misc{gradcam,
 title={pytorch-grad-cam},
 howpublished = "\url{https://github.com/jacobgil/pytorch-grad-cam}",
 journal={{Pytorch Grad CAM implementation}},
 author={jacobgil}
} 

@misc{efficientdet,
 title={EfficientDet-PyTorch},
 howpublished = "\url{https://github.com/tristandb/EfficientDet-PyTorch}",
 journal={{PyTorch EfficientDet}},
 author={tristandb}
} 